
@online{knuthwebsite,
    author = "Donald Knuth",
    title = "Knuth: Computers and Typesetting",
    url  = "http://www-cs-faculty.stanford.edu/~uno/abcde.html",
    addendum = "(accessed: 01.09.2016)",
    keywords = "latex,knuth"
}

@article{reimers,
    author        = {{Nils Reimers and Iryna Gurevych}},
    title         = {\textbf{Sentence-BERT: Sentence Embeddings using Siamese BERT-Networks}},
    journaltitle  = {Arxiv:1908.10084},
    year          = {2019},
    doi           = {https://arxiv.org/pdf/1908.10084.pdf}
    }

@article{thakur,
    author        = {{Nandan Thakur, Nils Reimers, Johannes Daxenberger and Iryna Gurevych}},
    title         = {\textbf{Augmented SBERT: Data Augmentation Method for Improving Bi-Encoders for Pairwise Sentence Scoring Tasks}},
    journaltitle  = {Arxiv:2010.08240},
    year          = {2021},
    doi           = {https://arxiv.org/pdf/2010.08240.pdf}
    }
    
@article{cer,
    author        = {{Daniel Cer, Yinfei Yang, Sheng-yi Kong, Nan Hua, Nicole Limtiaco, Rhomni St. John, Noah Constant, Mario Guajardo-Cespedes, Steve Yuan, Chris Tar, Yun-Hsuan Sung, Brian Strope, Ray Kurzweil}},
    title         = {\textbf{Universal Sentence Encoder}},
    journaltitle  = {Arxiv:2010.08240},
    year          = {2018},
    doi           = {https://arxiv.org/pdf/1908.10084.pdf}
    }

@article{beltagy,
    author        = {{Iz Beltagy, Matthew E. Peters, Arman Cohan}},
    title         = {\textbf{Longformer: The Long-Document Transformer}},
    journaltitle  = {Arxiv:2004.05150},
    year          = {2020},
    doi           = {https://arxiv.org/pdf/2004.05150.pdf}
    }

@article{zhang,
    author        = {{Hang Zhang, Yeyun Gong, Yelong Shen, Weisheng Li, Jiancheng Lv,Nan Duan, Weizhu Chen}},
    title         = {\textbf{Poolingformer: Long Document Modeling with Pooling Attention}},
    journaltitle  = {Arxiv:2105.04371},
    year          = {2021},
    doi           = {https://doi.org/10.48550/arXiv.2105.04371}
    }

@article{guo,
    author        = {{Mandy Guo , Joshua Ainslie , David Uthus, Santiago Ontañón
Jianmo Ni, Yun-Hsuan Sung, Yinfei Yang}},
    title         = {\textbf{LongT5: Efficient Text-To-Text Transformer for Long Sequences}},
    journaltitle  = {Arxiv:2004.05150},
    year          = {2021},
    doi           = {https://arxiv.org/pdf/2112.07916.pdf}
    }
    
@article{zaheer,
    author        = {{Manzil Zaheer, Guru Guruganesh, Avinava Dubey, Joshua Ainslie, Chris Alberti, Santiago Ontanon, Philip Pham, Anirudh Ravula, Qifan Wang, Li Yang, Amr Ahmed}},
    title         = {\textbf{Big Bird: Transformers for Longer Sequences}},
    journaltitle  = {Arxiv:2007.14062},
    year          = {2021},
    doi           = {https://arxiv.org/pdf/2007.14062.pdf}
    }

@article{cer2018,
    author        = {{Daniel Cer, Yinfei Yang, Sheng-yi Kong, Nan Hua, Nicole Limtiaco, Rhomni St. John, Noah Constant, Mario Guajardo-Ce ́spedea, Steve Yuac, Chris Taa, Yun-Hsuan Suna, Brian Strope, Ray Kurzweil}},
    title         = {\textbf{Universal Sentence Encoder for English}},
    journaltitle  = {Proceedings of the 2018 Conference on Empirical Methods in Natural Language Processing (System Demonstrations)},
    year          = {2018},
    doi           = {https://aclanthology.org/D18-2029.pdf}
    }
    
    
@article{ni,
    author        = {{Jianmo Ni, Gustavo Hernández Ábrego, Noah Constant, Ji Ma, Keith B. Hall, Daniel Cer, Yinfei Yang}},
    title         = {\textbf{Sentence-T5: Scalable Sentence Encoders from Pre-trained Text-to-Text Models}},
    journaltitle  = {Arxiv:2108.08877},
    year          = {2021},
    doi           = {https://arxiv.org/pdf/2108.08877.pdf}
    }

@article{adhikari,
    author        = {{Ashutosh Adhikari, Achyudh Ram, Raphael Tang, and Jimmy Lin}},
    title         = {\textbf{DocBERT: BERT for Document Classification}},
    journaltitle  = {Arxiv:1904.08398},
    year          = {2019},
    doi           = {https://arxiv.org/pdf/1904.08398.pdf}
    }
    
@article{khattab,
    author        = {{Omar Khattab, Matei Zaharia}},
    title         = {\textbf{ColBERT: Efficient and Effective Passage Search via Contextualized Late Interaction over BERT}},
    journaltitle  = {Arxiv:2004.12832},
    year          = {2020},
    doi           = {https://arxiv.org/pdf/2004.12832.pdf}
    }
    
@article{feng,
    author        = {{Zhangyin Feng, Daya Guo, Duyu Tang, Nan Duan, Xiaocheng Feng
Ming Gong, Linjun Shou, Bing Qin, Ting Liu, Daxin Jiang, Ming Zhou}},
    title         = {\textbf{CodeBERT: A Pre-Trained Model for Programming and Natural Languages}},
    journaltitle  = {Arxiv:2002.08155v4},
    year          = {2020},
    doi           = {https://arxiv.org/pdf/2002.08155v4.pdf}
    }

@article{franz,
    author        = {{Leopold Franz,Yash Raj Shrestha, Bibek Paudel}},
    title         = {\textbf{A Deep Learning Pipeline for Patient Diagnosis Prediction Using Electronic Health Records}},
    journaltitle  = {Arxiv:2006.16926},
    year          = {2020},
    doi           = {https://arxiv.org/pdf/2006.16926.pdf}
    }

@article{huang,
    author        = {{Kexin Huang,Jaan Altosaar, Rajesh Ranganath}},
    title         = {\textbf{ClinicalBERT: Modeling Clinical Notes and Predicting Hospital Readmission}},
    journaltitle  = {Arxiv:1904.05342},
    year          = {2020},
    doi           = {https://arxiv.org/pdf/1904.05342.pdf}
    }
    
@article{huangz,
    author        = {{Zhiheng Huang,Peng Xu, Davis Liang, Ajay Mishra, Bing Xiang}},
    title         = {\textbf{TRANS-BLSTM: Transformer with Bidirectional LSTM for Language Understanding}},
    journaltitle  = {Arxiv:2003.07000},
    year          = {2020},
    doi           = {https://arxiv.org/pdf/2003.07000.pdf}
    }

@article{lu,
    author        = {{Shuai Lu, Daya Guo, Shuo Ren, Junjie Huang, Alexey Svyatkovskiy, Ambrosio Blanco, Colin Clement, Dawn Drain, Daxin Jiang, Duyu Tang, Ge Li, Lidong Zhou, Linjun Shou, Long Zhou, Michele Tufano, Ming Gong, Ming Zhou, Nan Duan, Neel Sundaresan, Shao Kun Deng, Shengyu Fu, S hujie Liu}},
    title         =  {\textbf{CodeXGLUE: A Machine Learning Benchmark Dataset for Code Understanding and Generation}},
    journaltitle  = {Arxiv:2003.07000},
    year          = {2021},
    doi           = {https://arxiv.org/pdf/2102.04664.pdf}
    }
    
@article{li,
    author        = {{Zhuohan Li, Eric Wallace, Sheng Shen, Kevin Lin, Kurt Keutzer, Dan Klein, Joseph E. Gonzalez,}},
    title         = {\textbf{Train Large, Then Compress: Rethinking Model Size for Efficient Training and Inference of Transformers}},
    journaltitle  = {Arxiv:2002.11794},
    year          = {2020},
    doi           = {https://arxiv.org/pdf/2002.11794.pdf}
    }

@article{schleimer,
    author        = {{Saul Schleimer, Daniel S. Wilkerson, Alex Aiken}},
    title         = {\textbf{Winnowing: Local Algorithms for Document Fingerprinting}},
    journaltitle  = {Sigmod 03},
    year          = {2003},
    doi           = {https://theory.stanford.edu/~aiken/publications/papers/sigmod03.pdf}
    }
    
@article{bowyer,
    author        = {{Kevin W. Bowyer, Lawrence O. Hall}},
    title         = {\textbf{Experience Using ”MOSS” to Detect Cheating On Programming Assignments}},
    journaltitle  = {FIE'99 Frontiers in Education},
    year          = {1999},
    doi           = {https://ieeexplore.ieee.org/document/840376}
    }
 
 @article{devore-mcdonald,
    author        = {{Breanna Devore-McDonald, Emery D. Berger}},
    title         = {\textbf{Mossad: Defeating Software Plagiarism Detection}},
    journaltitle  = {Arxiv:2010.01700},
    year          = {2020},
    doi           = {https://arxiv.org/pdf/2010.01700.pdf}
    }

 @article{karnalim2019,
    author        = {{Oscar Karnali, Setia Budi, Hapnes Toba, Mike Joy}},
    title         = {\textbf{Source Code Plagiarism Detection in Academia with Information Retrieval: Dataset and the Observation}},
    journaltitle  = {Informatics in Education },
    year          = {2019},
    doi           = { Informatics in Education 18(2019), no. 2, 321-344, DOI }
    url           =  "https://infedu.vu.lt/journal/INFEDU/article/16/info"
    url           =  {}https://doi.org/10.15388/infedu.2019.15{}
    url           = {https://github.com/oscarkarnalim/sourcecodeplagiarismdataset}
    }
    
 @article{ljubovic,
    author        = {{Vedran Ljubovic}},
    title         = {\textbf{Programming Homework Dataset for Plagiarism Detection}},
    journaltitle  = {IEEE Dataport },
    publisher     = {IEEE Dataport},
    year          = {2020},
    doi           = {10.21227/71fw-ss32},
    url           = {https://dx.doi.org/10.21227/71fw-ss32},
    }
    

@article{71fw-ss32-20,
    doi = {10.21227/71fw-ss32},
    url = {https://dx.doi.org/10.21227/71fw-ss32},
    author = {Ljubovic, Vedran},
    publisher = {IEEE Dataport},
    title = {Programming Homework Dataset for Plagiarism Detection},
    year = {2020}   

 @article{yao,
    author        = {{Ziyu Yao, Daniel S. Weld, Wei-Peng Chen, Huan Sun}},
    title         = {\textbf{StaQC: A Systematically Mined Question-Code Dataset from Stack Overflow}},
    journaltitle  = {Arxiv:1803.09371},
    year          = {2018},
    doi           = {https://arxiv.org/abs/1803.09371 }
    url           =  "https://arxiv.org/abs/1803.09371"
    url           =  "https://github.com/LittleYUYU/StackOverflow-Question-Code-Data"
    }
    

 @article{kusupati,
    author        = {{Uday Kusupati, Venkata Ravi Teja Ailavarapu}},
    title         = {\textbf{Natural Language to Code Using Transformers}},
    journaltitle  = {Arxiv:1803.09371},
    year          = {2022},
    doi           = {https://arxiv.org/abs/1803.09371 }
    }

 @article{yin,
    author        = {{Pengcheng Yin, Bowen Deng, Edgar Chen, Bogdan Vasilescu, Graham Neubigu}},
    title         = {\textbf{Learning to Mine Aligned Code and Natural Language Pairs from Stack Overflow}},
    journaltitle  = {Arxiv:1805.08949},
    year          = {2018},
    doi           = {https://arxiv.org/pdf/1805.08949.pdf }
    }

 @article{chong,
    author        = {{Man Yan Miranda Chong}},
    title         = {\textbf{A Study on Plagiarism Detection and Plagiarism Direction Identification Using Natural Language Processing Techniques}},
    journaltitle  = {PhD Thesis, University Of Wolverhampton},
    year          = {2013},
    doi           = {https://wlv.openrepository.com/bitstream/handle/2436/298219/h?sequence=1 }
    }

 @article{baltes,
    author        = {{Sebastian Baltes, Christoph Treude, Stephan Diehl, Lorik Dumani}},
    title         = {\textbf{SOTorrent: Reconstructing and Analyzing the Evolution of Stack Overflow Posts}},
    journaltitle  = {Arxiv:1803.07311},
    year          = {2018},
    doi           = {https://arxiv.org/pdf/1803.07311.pdf}
    }

 @article{viswani,
    author        = {{Ashish Vaswani, Noam Shazeer, Niki Parmar,J akob Uszkoreit, Llion Jones, Aidan N. Gomez, Łukasz Kaiser}},
    title         = {\textbf{Attention Is All You Need}},
    journaltitle  = {Arxiv:1706.03762},
    year          = {2017},
    doi           = {https://arxiv.org/pdf/1706.03762.pdf}
    }

 @article{devlin,
    author        = {{Jacob Devlin, Ming-Wei Chang, Kenton Lee ,Kristina Toutanova}},
    title         = {\textbf{BERT: Pre-training of Deep Bidirectional Transformers for Language Understanding}},
    journaltitle  = {Arxiv:1706.03762},
    year          = {2019},
    doi           = {https://arxiv.org/pdf/1810.04805.pdf}
    }

 @article{raffel,
    author        = {{Colin Raffel, Noam Shazeer, Adam Roberts, Katherine Lee, Sharan Narang, Michael Matena, Yanqi Zhou, Wei Li, Peter J. Liu}},
    title         = {\textbf{Exploring the Limits of Transfer Learning with a Unified Text-to-Text Transformer}},
    journaltitle  = {Arxiv:1910.10683},
    year          = {2020},
    doi           = {https://arxiv.org/pdf/1910.10683.pdf}
    }
        

 @article{karnalim2018,
    author        = {{Oscar Karnalim, Setia Budi}},
    title         = {\textbf{The Effectiveness of Low-Level Structure-based Approach Toward Source Code Plagiarism Level Taxonomy}},
    journaltitle  = {Arxiv:1805.11035},
    year          = {2018},
    doi           = {https://arxiv.org/pdf/1805.11035.pdf}
    }
    
 @online{genchang1234},
    author        = {{genchang1234}},
    title         = {\textbf{How to cheat in computer science 101}},
    url           =  "https://github.com/genchang1234/How-to-cheat-in-computer-science-101"
    }